[gd_scene load_steps=10 format=2]

[ext_resource path="res://assets/image/bg_lvl_2.png" type="Texture" id=1]
[ext_resource path="res://assets/image/img_t_lvl_2.png" type="Texture" id=2]
[ext_resource path="res://assets/image/img_b_lvl_2.png" type="Texture" id=3]
[ext_resource path="res://assets/image/btn_back.png" type="Texture" id=4]
[ext_resource path="res://assets/image/btn_blank.png" type="Texture" id=5]
[ext_resource path="res://assets/image/img_effect.png" type="Texture" id=6]
[ext_resource path="res://script/Game.gd" type="Script" id=7]
[ext_resource path="res://script/shader/effect.shader" type="Shader" id=8]

[sub_resource type="ShaderMaterial" id=1]
shader = ExtResource( 8 )
shader_param/shader_state = false

[node name="Game" type="Control"]
anchor_right = 1.0
anchor_bottom = 1.0
script = ExtResource( 7 )
__meta__ = {
"_edit_use_anchors_": false
}

[node name="Bg" type="TextureRect" parent="."]
anchor_left = 0.5
anchor_top = 0.5
anchor_right = 0.5
anchor_bottom = 0.5
margin_left = -258.0
margin_top = -411.5
margin_right = 258.0
margin_bottom = 411.5
texture = ExtResource( 1 )
__meta__ = {
"_edit_use_anchors_": false
}

[node name="Top" type="TextureRect" parent="Bg"]
anchor_left = 0.514702
anchor_top = 0.228572
anchor_right = 0.514702
anchor_bottom = 0.228572
margin_left = -59.5862
margin_top = -60.1146
margin_right = 63.4138
margin_bottom = 76.8854
texture = ExtResource( 2 )
__meta__ = {
"_edit_use_anchors_": false
}

[node name="Bottom" type="TextureRect" parent="Bg"]
anchor_left = 0.442344
anchor_top = 0.481657
anchor_right = 0.442344
anchor_bottom = 0.481657
margin_left = -89.2495
margin_top = -116.404
margin_right = 151.75
margin_bottom = 61.5964
texture = ExtResource( 3 )
__meta__ = {
"_edit_use_anchors_": false
}

[node name="Shader" type="ColorRect" parent="."]
material = SubResource( 1 )
anchor_right = 1.0
anchor_bottom = 1.0
color = Color( 1, 1, 1, 0 )
__meta__ = {
"_edit_use_anchors_": false
}

[node name="BtnBack" type="Button" parent="."]
margin_left = 16.0
margin_top = 16.0
margin_right = 115.0
margin_bottom = 64.0
focus_mode = 0
shortcut_in_tooltip = false
enabled_focus_mode = 0
flat = true
__meta__ = {
"_edit_group_": true,
"_edit_use_anchors_": false
}

[node name="TextureRect" type="TextureRect" parent="BtnBack"]
anchor_left = 0.5
anchor_top = 0.5
anchor_right = 0.5
anchor_bottom = 0.5
margin_left = -53.5
margin_top = -24.0
margin_right = 53.5
margin_bottom = 32.0
mouse_filter = 2
texture = ExtResource( 4 )

[node name="BtnTop" type="Button" parent="."]
anchor_left = 0.5
anchor_top = 0.5
anchor_right = 0.5
anchor_bottom = 0.5
margin_left = -189.5
margin_top = -281.5
margin_right = -93.5
margin_bottom = -185.5
focus_mode = 0
shortcut_in_tooltip = false
enabled_focus_mode = 0
flat = true
__meta__ = {
"_edit_group_": true,
"_edit_use_anchors_": false
}

[node name="Bg" type="TextureRect" parent="BtnTop"]
anchor_left = 0.5
anchor_top = 0.5
anchor_right = 0.5
anchor_bottom = 0.5
margin_left = -47.0
margin_top = -47.0
margin_right = 47.0
margin_bottom = 47.0
mouse_filter = 2
texture = ExtResource( 5 )

[node name="Image" type="TextureRect" parent="BtnTop"]
anchor_left = 0.5
anchor_top = 0.5
anchor_right = 0.5
anchor_bottom = 0.5
margin_left = -38.0
margin_top = -42.0
margin_right = 85.0
margin_bottom = 95.0
rect_scale = Vector2( 0.6, 0.6 )
texture = ExtResource( 2 )

[node name="BtnBottom" type="Button" parent="."]
anchor_left = 0.5
anchor_top = 0.5
anchor_right = 0.5
anchor_bottom = 0.5
margin_left = 93.5719
margin_top = -48.208
margin_right = 189.572
margin_bottom = 47.792
focus_mode = 0
shortcut_in_tooltip = false
enabled_focus_mode = 0
flat = true
__meta__ = {
"_edit_group_": true,
"_edit_use_anchors_": false
}

[node name="Bg" type="TextureRect" parent="BtnBottom"]
anchor_left = 0.5
anchor_top = 0.5
anchor_right = 0.5
anchor_bottom = 0.5
margin_left = -47.0
margin_top = -47.0
margin_right = 47.0
margin_bottom = 47.0
mouse_filter = 2
texture = ExtResource( 5 )

[node name="Image" type="TextureRect" parent="BtnBottom"]
anchor_left = 0.5
anchor_top = 0.5
anchor_right = 0.5
anchor_bottom = 0.5
margin_left = -71.0
margin_top = -54.0
margin_right = 170.0
margin_bottom = 124.0
rect_scale = Vector2( 0.6, 0.6 )
mouse_filter = 2
texture = ExtResource( 3 )

[node name="BtnEffect" type="Button" parent="."]
anchor_left = 0.5
anchor_top = 0.5
anchor_right = 0.5
anchor_bottom = 0.5
margin_left = -189.5
margin_top = 138.5
margin_right = -93.5
margin_bottom = 234.5
focus_mode = 0
shortcut_in_tooltip = false
enabled_focus_mode = 0
flat = true
__meta__ = {
"_edit_group_": true,
"_edit_use_anchors_": false
}

[node name="Bg" type="TextureRect" parent="BtnEffect"]
anchor_left = 0.5
anchor_top = 0.5
anchor_right = 0.5
anchor_bottom = 0.5
margin_left = -47.0
margin_top = -47.0
margin_right = 47.0
margin_bottom = 47.0
mouse_filter = 2
texture = ExtResource( 5 )

[node name="Image" type="TextureRect" parent="BtnEffect"]
anchor_left = 0.5
anchor_top = 0.5
anchor_right = 0.5
anchor_bottom = 0.5
margin_left = -34.5
margin_top = -7.0
margin_right = 34.5
margin_bottom = 7.0
mouse_filter = 2
texture = ExtResource( 6 )
__meta__ = {
"_edit_use_anchors_": false
}

[node name="Tween" type="Tween" parent="."]
[connection signal="pressed" from="BtnBack" to="." method="_on_BtnBack_pressed"]
[connection signal="pressed" from="BtnTop" to="." method="_on_BtnTop_pressed"]
[connection signal="pressed" from="BtnBottom" to="." method="_on_BtnBottom_pressed"]
[connection signal="pressed" from="BtnEffect" to="." method="_on_BtnEffect_pressed"]
