[gd_scene load_steps=6 format=2]

[ext_resource path="res://assets/image/btn_back.png" type="Texture" id=1]
[ext_resource path="res://assets/image/btn_lvl_3.png" type="Texture" id=2]
[ext_resource path="res://script/Levels.gd" type="Script" id=3]
[ext_resource path="res://assets/image/btn_lvl_1.png" type="Texture" id=4]
[ext_resource path="res://assets/image/btn_lvl_2.png" type="Texture" id=5]

[node name="Levels" type="Control"]
anchor_right = 1.0
anchor_bottom = 1.0
script = ExtResource( 3 )
__meta__ = {
"_edit_use_anchors_": false
}

[node name="ColorRect" type="ColorRect" parent="."]
anchor_right = 1.0
anchor_bottom = 1.0
color = Color( 0.156863, 0, 0.278431, 1 )

[node name="BtnBack" type="Button" parent="."]
margin_left = 16.0
margin_top = 16.0
margin_right = 115.0
margin_bottom = 64.0
focus_mode = 0
shortcut_in_tooltip = false
enabled_focus_mode = 0
flat = true
__meta__ = {
"_edit_group_": true,
"_edit_use_anchors_": false
}

[node name="TextureRect" type="TextureRect" parent="BtnBack"]
anchor_left = 0.5
anchor_top = 0.5
anchor_right = 0.5
anchor_bottom = 0.5
margin_left = -53.5
margin_top = -24.0
margin_right = 53.5
margin_bottom = 32.0
mouse_filter = 2
texture = ExtResource( 1 )

[node name="BtnLvl1" type="Button" parent="."]
anchor_left = 0.5
anchor_top = 0.237546
anchor_right = 0.5
anchor_bottom = 0.237546
margin_left = -179.5
margin_top = -105.0
margin_right = 179.5
margin_bottom = 105.0
focus_mode = 0
shortcut_in_tooltip = false
enabled_focus_mode = 0
flat = true
__meta__ = {
"_edit_group_": true,
"_edit_use_anchors_": true
}

[node name="TextureRect" type="TextureRect" parent="BtnLvl1"]
anchor_left = 0.5
anchor_top = 0.5
anchor_right = 0.5
anchor_bottom = 0.5
margin_left = -179.5
margin_top = -105.0
margin_right = 179.5
margin_bottom = 105.0
mouse_filter = 2
texture = ExtResource( 4 )

[node name="BtnLvl2" type="Button" parent="."]
anchor_left = 0.5
anchor_top = 0.524301
anchor_right = 0.5
anchor_bottom = 0.524301
margin_left = -179.5
margin_top = -105.0
margin_right = 179.5
margin_bottom = 105.0
focus_mode = 0
shortcut_in_tooltip = false
enabled_focus_mode = 0
flat = true
__meta__ = {
"_edit_group_": true,
"_edit_use_anchors_": true
}

[node name="TextureRect" type="TextureRect" parent="BtnLvl2"]
anchor_left = 0.5
anchor_top = 0.5
anchor_right = 0.5
anchor_bottom = 0.5
margin_left = -179.5
margin_top = -105.0
margin_right = 179.5
margin_bottom = 105.0
mouse_filter = 2
texture = ExtResource( 5 )
__meta__ = {
"_edit_use_anchors_": false
}

[node name="BtnLvl3" type="Button" parent="."]
anchor_left = 0.5
anchor_top = 0.809842
anchor_right = 0.5
anchor_bottom = 0.809842
margin_left = -179.5
margin_top = -105.0
margin_right = 179.5
margin_bottom = 105.0
focus_mode = 0
shortcut_in_tooltip = false
enabled_focus_mode = 0
flat = true
__meta__ = {
"_edit_group_": true,
"_edit_use_anchors_": true
}

[node name="TextureRect" type="TextureRect" parent="BtnLvl3"]
anchor_left = 0.5
anchor_top = 0.5
anchor_right = 0.5
anchor_bottom = 0.5
margin_left = -179.5
margin_top = -105.0
margin_right = 179.5
margin_bottom = 105.0
mouse_filter = 2
texture = ExtResource( 2 )
__meta__ = {
"_edit_use_anchors_": false
}
[connection signal="pressed" from="BtnBack" to="." method="_on_BtnBack_pressed"]
[connection signal="pressed" from="BtnLvl1" to="." method="_on_BtnLvl1_pressed"]
[connection signal="pressed" from="BtnLvl2" to="." method="_on_BtnLvl2_pressed"]
[connection signal="pressed" from="BtnLvl3" to="." method="_on_BtnLvl3_pressed"]
